@book{S08,
author = {Stichtenoth, Henning},
title = {Algebraic Function Fields and Codes},
year = {2008},
isbn = {3540768777},
publisher = {Springer Publishing Company, Incorporated},
edition = {2nd},
}

@article{PSW91,
  title={Which linear codes are algebraic-geometric?},
  author={Ruud Pellikaan and Ba-zhong Shen and Gerhard J. M. van Wee},
  journal={IEEE Trans. Inf. Theory},
  year={1991},
  volume={37},
  pages={583-602}
}

@article{K86,
  author   = {Kani, Ernst},
  title    = {{T}he {G}alois-module structure of the space of holomorphic differentials of a curve.},
  journal  = {Journal f√ºr die reine und angewandte Mathematik},
  year     = {1986},
  volume   = {367},
  pages    = {187-206},
  keywords = {module of differentials of a curve; group of automorphisms; Grothendieck group; ramification module},
  url      = {http://eudml.org/doc/152831},
}

@unpublished{BN20,
  author    = {Sarah Bordage and Jade Nardi},
  title     = {Interactive Oracle Proofs of Proximity to Algebraic Geometry Codes},
  year      = {2020},
  note       = {\url{https://arxiv.org/abs/2011.04295}}
}